<?xml version="1.0" encoding="UTF-8"?><record xmlns="http://www.loc.gov/MARC21/slim" xmlns:cinclude="http://apache.org/cocoon/include/1.0" xmlns:zs="http://www.loc.gov/zing/srw/">
  <leader>00643cz  a2200145n  4500</leader>
  <controlfield tag="001">n  85015206 </controlfield>
  <controlfield tag="003">DLC</controlfield>
  <controlfield tag="005">20120808082044.0</controlfield>
  <controlfield tag="008">850329n| acannaab           |a ana      </controlfield>
  <datafield tag="010" ind1=" " ind2=" ">
    <subfield code="a">n  85015206 </subfield>
  </datafield>
  <datafield tag="040" ind1=" " ind2=" ">
    <subfield code="a">DLC</subfield>
    <subfield code="b">eng</subfield>
    <subfield code="c">DLC</subfield>
    <subfield code="d">DLC</subfield>
  </datafield>
  <datafield tag="111" ind1="2" ind2=" ">
    <subfield code="a">PCC 84</subfield>
    <subfield code="d">(1984 :</subfield>
    <subfield code="c">Atlantic City, N.J.)</subfield>
  </datafield>
  <datafield tag="411" ind1="2" ind2=" ">
    <subfield code="a">IEEE Professional Communication Conference</subfield>
    <subfield code="d">(1984 :</subfield>
    <subfield code="c">Atlantic City, N.J.)</subfield>
  </datafield>
  <datafield tag="667" ind1=" " ind2=" ">
    <subfield code="a">THIS 1XX FIELD CANNOT BE USED UNDER RDA UNTIL THIS RECORD HAS BEEN REVIEWED AND/OR UPDATED</subfield>
  </datafield>
  <datafield tag="670" ind1=" " ind2=" ">
    <subfield code="a">Its The practical aspects of engineering ... c1984:</subfield>
    <subfield code="b">t.p. (PCC 84, Atlantic City, Oct. 10-12, 1984) p. iii (1984 IEEE Professional Communication Conference (PCC))</subfield>
  </datafield>
</record>